<?xml version="1.0" encoding="UTF-8"?><collection xmlns="http://www.loc.gov/MARC21/slim"><record><leader>00424nam--2200169-i-4500</leader><controlfield tag="001">000002576</controlfield><controlfield tag="002">20161230</controlfield><controlfield tag="005">20161230201025</controlfield><controlfield tag="008">060222s1000------------r-----000-0-eng-d</controlfield><datafield ind1=" " ind2=" " tag="040"><subfield code="a">IFIN-HH</subfield></datafield><datafield ind1=" " ind2=" " tag="080"><subfield code="a">533.9</subfield></datafield><datafield ind1="1" ind2=" " tag="100"><subfield code="a">Artsimovich, L.A</subfield></datafield><datafield ind1="1" ind2="0" tag="245"><subfield code="a">A physicist's abc on plasma</subfield><subfield code="c">L.a. artsimovich</subfield></datafield><datafield ind1=" " ind2=" " tag="260"><subfield code="a">Moscow, Mir Publishers, 1978</subfield></datafield><datafield ind1=" " ind2=" " tag="300"><subfield code="a">124 P</subfield></datafield><datafield ind1=" " ind2=" " tag="852"><subfield code="a">46110</subfield><subfield code="c">533.9</subfield></datafield><datafield ind1=" " ind2=" " tag="CAT"><subfield code="a">Sys</subfield><subfield code="c">20100928</subfield><subfield code="h">150902</subfield></datafield></record></collection>